<record><leader>00000cas a2200000 a 4500</leader><controlfield tag="001">25598030</controlfield><controlfield tag="008">920406d18611861iludn ne      0   a0eng c</controlfield><datafield ind1=" " ind2=" " tag="010"><subfield code="a">sn 92053207 </subfield></datafield><datafield ind1=" " ind2=" " tag="040"><subfield code="a">NVF</subfield><subfield code="b">eng</subfield><subfield code="c">NVF</subfield><subfield code="d">CVF</subfield><subfield code="d">OCL</subfield><subfield code="d">CGU</subfield><subfield code="d">NVF</subfield><subfield code="d">OCLCF</subfield><subfield code="d">DLC</subfield><subfield code="d">OCLCO</subfield></datafield><datafield ind1=" " ind2=" " tag="042"><subfield code="a">pcc</subfield></datafield><datafield ind1=" " ind2=" " tag="043"><subfield code="a">n-us-il</subfield></datafield><datafield ind1="0" ind2=" " tag="130"><subfield code="a">Daily herald (Peru, Ill.)</subfield></datafield><datafield ind1="1" ind2="4" tag="245"><subfield code="a">The daily herald.</subfield></datafield><datafield ind1="1" ind2="3" tag="246"><subfield code="a">Peru daily herald</subfield><subfield code="f">Apr. 30-June 22, 1861</subfield></datafield><datafield ind1=" " ind2=" " tag="260"><subfield code="a">Peru, Ill. :</subfield><subfield code="b">N. &amp; F.M. Sapp,</subfield><subfield code="c">1861.</subfield></datafield><datafield ind1=" " ind2=" " tag="300"><subfield code="a">v.</subfield></datafield><datafield ind1=" " ind2=" " tag="310"><subfield code="a">Daily (except Monday),</subfield><subfield code="b">May 26-June 22, 1861</subfield></datafield><datafield ind1=" " ind2=" " tag="321"><subfield code="a">Daily (except Sunday),</subfield><subfield code="b">Apr. 29-May 25, 1861</subfield></datafield><datafield ind1="0" ind2=" " tag="362"><subfield code="a">Vol. 1, no. 1 (Apr. 29, 1861)-v. 1, no. 48 (June 22, 1861).</subfield></datafield><datafield ind1=" " ind2="0" tag="651"><subfield code="a">Peru (Ill.)</subfield><subfield code="v">Newspapers.</subfield></datafield><datafield ind1=" " ind2="7" tag="651"><subfield code="a">Illinois</subfield><subfield code="z">Peru.</subfield><subfield code="2">fast</subfield><subfield code="0">(OCoLC)fst01219161</subfield></datafield><datafield ind1=" " ind2="7" tag="655"><subfield code="a">Newspapers.</subfield><subfield code="2">fast</subfield><subfield code="0">(OCoLC)fst01423814</subfield></datafield><datafield ind1=" " ind2=" " tag="752"><subfield code="a">United States</subfield><subfield code="b">Illinois</subfield><subfield code="c">La Salle</subfield><subfield code="d">Peru.</subfield></datafield><datafield ind1="0" ind2="8" tag="776"><subfield code="i">Microfilm.</subfield><subfield code="t">Daily herald (Peru, Ill.)</subfield><subfield code="w">(DLC)  2010262068</subfield><subfield code="w">(OCoLC)639013198</subfield></datafield><datafield ind1="0" ind2="0" tag="785"><subfield code="t">Evening herald (Peru, Ill.)</subfield><subfield code="w">(DLC)sn 92053208</subfield><subfield code="w">(OCoLC)25598081</subfield></datafield></record>